@article{vq-vae,
    Author = {Aaron van den Oord and Oriol Vinyals and Koray Kavukcuoglu},
    Title = {Neural Discrete Representation Learning},
    Year = {2017},
    Eprint = {arXiv:1711.00937},
}

@article{layerwise-perturbations,
  author    = {Fangzhou Liao and
               Ming Liang and
               Yinpeng Dong and
               Tianyu Pang and
               Jun Zhu and
               Xiaolin Hu},
  title     = {Defense against Adversarial Attacks Using High-Level Representation
               Guided Denoiser},
  journal   = {CoRR},
  volume    = {abs/1712.02976},
  year      = {2017},
  url       = {http://arxiv.org/abs/1712.02976},
  archivePrefix = {arXiv},
  eprint    = {1712.02976},
  timestamp = {Mon, 13 Aug 2018 16:47:34 +0200},
  biburl    = {https://dblp.org/rec/bib/journals/corr/abs-1712-02976},
  bibsource = {dblp computer science bibliography, https://dblp.org}
}

@article{goodfellow-adversarial,
  title={Explaining and harnessing adversarial examples},
  author={Goodfellow, Ian J and Shlens, Jonathon and Szegedy, Christian},
  journal={arXiv preprint arXiv:1412.6572},
  year={2014}
}