@article{vq-vae,
  author    = {A{\"{a}}ron van den Oord and
               Oriol Vinyals and
               Koray Kavukcuoglu},
  title     = {Neural Discrete Representation Learning},
  journal   = {CoRR},
  volume    = {abs/1711.00937},
  year      = {2017},
  url       = {http://arxiv.org/abs/1711.00937},
  archivePrefix = {arXiv},
  eprint    = {1711.00937},
  timestamp = {Mon, 13 Aug 2018 16:48:11 +0200},
  biburl    = {https://dblp.org/rec/bib/journals/corr/abs-1711-00937},
  bibsource = {dblp computer science bibliography, https://dblp.org}
}

@article{layerwise-perturbations,
  author    = {Fangzhou Liao and
               Ming Liang and
               Yinpeng Dong and
               Tianyu Pang and
               Jun Zhu and
               Xiaolin Hu},
  title     = {Defense against Adversarial Attacks Using High-Level Representation
               Guided Denoiser},
  journal   = {CoRR},
  volume    = {abs/1712.02976},
  year      = {2017},
  url       = {http://arxiv.org/abs/1712.02976},
  archivePrefix = {arXiv},
  eprint    = {1712.02976},
  timestamp = {Mon, 13 Aug 2018 16:47:34 +0200},
  biburl    = {https://dblp.org/rec/bib/journals/corr/abs-1712-02976},
  bibsource = {dblp computer science bibliography, https://dblp.org}
}

@article{goodfellow-adversarial,
  author    = {Ian J. Goodfellow and
               Jonathon Shlens and
               Christian Szegedy},
  title     = {Explaining and Harnessing Adversarial Examples},
  journal   = {CoRR},
  volume    = {abs/1412.6572},
  year      = {2014},
  url       = {http://arxiv.org/abs/1412.6572},
  archivePrefix = {arXiv},
  eprint    = {1412.6572},
  timestamp = {Mon, 13 Aug 2018 16:48:15 +0200},
  biburl    = {https://dblp.org/rec/bib/journals/corr/GoodfellowSS14},
  bibsource = {dblp computer science bibliography, https://dblp.org}
}